
% REFERÊNCIAS TCC VIA BIBTEX
% Autor: Leonardo Feitosa Nogueira
% Tema: Redes sem fio
% git branch -m <nome antigo do branch> <nome novo do branch>

% Redes de computadores e a Internet

@book{kurose2013,
	author = {Kurose, James F. and Ross, Keith W.},
	title = {Redes de Computadores e a Internet},
	publisher = {Pearson Education do Brasil},
	subtitle = {uma abordagem top-down},
	year = {2013},
	address = {São Paulo},
	edition = {6}
}

% Redes de computadores

@book{tanenbaum2011,
	author = {Tanenbaum, Andrew S. and Wetherall, David},
	title = {Redes de Computadores},
	publisher = {Pearson Education do Brasil},
	year = {2011},
	address = {São Paulo},
	edition = {5}
}

% Comunicações wireless

@book{haykin2008,
	title = {Sistemas modernos de comunicações wireless},
	author = {Haykin, Simon and Moher, Michael},
	furtherresp = {Tradução de Glayson Eduardo de Figueiredo, José Lucimar do Nascimento},
	year = {2008},
	publisher = {Bookman},
	address = {Porto Alegre}
}

@book{rappaport2009,
	title={Comunicações sem fio},
	subtitle={Princípios e práticas},
	author={Rappaport, Theodore S.},
	furtherresp = {Tradução de Daniel Vieira; Revisão técnica por Luiz Carlos},
	edition={2},
	year={2009},
	publisher={Pearson Prentice Hall},
	address={São Paulo}
}

% Redes sem fio

@book{moraes2010,
	author = {de Moraes, Alexandre Fernandes},
	title = {Redes sem Fio},
	subtitle = {Instalação, {C}onfiguração e {S}egurança: {F}undamentos},
	publisher = {Érica},
	year = {2010},
	address = {São Paulo}
}

@book{gast2002,
	author = {Gast, Matthew},
	title = {802.11 {W}ireless {N}etworks},
	subtitle = {{T}he {D}efinitive {G}uide},
	publisher = {O'Reilly},
	year = {2002},
	pages = {13--33},
	address = {Sebastopol, Califórnia, USA}
}

@misc{fluminense2010,
	organization = {UFF. {Universidade Federal Fluminense. Departamento de Engenharia de Telecomunicações}},
	org-short = {UFF},
	title = {Cartilhas {UCA}},
	subtitle = {{R}edes sem fio},
	year = {2010},
	address = {Rio de Janeiro},
	publisher = {RNP},
	volume = {2},
	note = {Versão 1.0.1}
}

@book{flickenger2008,
  	title = {Redes sem fio no mundo em desenvolvimento},
  	subtitle = {Um guia prático para o planejamento e a construção de uma infra-estrutura de telecomunicações},
 	author = {Flickenger, Rob},
	year = {2008},
  	furtherresp = {Tradução de Cesar Brod},
  	publisher = {Hacker Friendly LLC},
  	address = {Seattle, WA, USA}
}

@mastersthesis{najnudel2004,
	title = {Estudo de propagagação em ambientes fechados para o planejamento de WLANs},
	author = {Najnudel, Marcelo},
	pages = {136},
	pagename = {f.},
	school = {Departamento de Engenharia Elétrica, Pontifícia Universidade Católica do Rio de Janeiro},
	type = {Mestrado},
	address = {Rio de Janeiro},
	year = {2004}
}

@misc{farias2005,
	author = {FARIAS, Paulo César Bento}, 
	title = {Redes Wireless},
	year = {2005},
	url = {https://www.juliobattisti.com.br/tutoriais/paulocfarias/redeswireless001.asp},
	urlaccessdate = {13 mar. 2018}
}

% Artigo Site Surey

@misc{pinheiro2004site,
	author = {PINHEIRO, José M. S}, 
	title = {Site Survey, o Segredo de um Bom Projeto},
	year = {2004},
	url = {http://www.projetoderedes.com.br/artigos/artigo_site_survey.php},
	urlaccessdate = {27 maio 2018}
}

@article{rodrigues2007,
	title = {Site survey},
	subtitle = {mapeamento, detecção de vulnerabilidades e análise de sinal de redes sem fio}
	author = {Rodrigues, William Carlos de J and dos Santos, Ezequiel Ferreira},
	journal = {Exacta},
	volume = {5},
	number = {1},
	year = {2007},
	publisher = {Universidade Nove de Julho},
	address = {São Paulo},
	month = {jan./jun.}
}

@article{geier2002,
	author = {Geier, J.},
	title = {Site survey tools simplify 802.11},
	journal = {{Wi-Fi} Planet},
	year = {2002},
	url = {http://www.wi-fiplanet.com/tutorials/article.php/953661},
	urlaccessdate = {10 mar. 2006}
}

% Artigo sobre Modelos de Propagação de Rádio

@article{akpaida2018,
	author = {V. O. A. Akpaida and F. I. Anyasi and S. I. Uzairue and A. I. Idim and O. Alashiri},
	title = {A Review Investigation on Outdoor and Indoor Propagation Models},
	journal = {Journal of Materials Science Research and Reviews (JMSRR)},
	year = {2018},
	address = {Nigéria},
	url = {https://www.researchgate.net/publication/326422832_A_Review_Investigation_on_Outdoor_and_Indoor_Propagation_Models},
	urlaccessdate = {07 abr. 2019}
}

% Artigos ACM

@inproceedings{amer2016acm, 
	author={AMER, Mohammed and BUSSON, Anthony and LASSOUS, Isabelle G.}, 
	booktitle={Proceedings of the 19th ACM International Conference on Modeling, Analysis and Simulation of Wireless and Mobile Systems (MSWiM '16)}, 
	title={Association Optimization in Wi-Fi Networks},
	subtitle={Use of an {A}ccess-based {F}airness}, 
	year={2016}, 
	pages={119--126}, 
	publisher={ACM},
	address={New York, NY, USA},
	url = {http://doi.acm.org/10.1145/2988287.2989153},
	urlaccessdate={27 maio 2018}
}

@inproceedings{abramson1970acm,
 	author = {Norman Abramson},
 	title = {The {A}loha {S}ystem: Another {A}lternative for {C}omputer {C}ommunications},
 	booktitle = {Proceedings of the November 17-19, 1970, Fall Joint Computer Conference},
 	series = {AFIPS '70 (Fall)},
 	year = {1970},
 	location = {Houston, Texas},
 	pages = {281--285},
 	numpages = {5},
 	url = {http://doi.acm.org/10.1145/1478462.1478502},
 	urlaccessdate={16 mar. 2019},
 	publisher = {ACM},
 	address = {New York, NY, USA}
}

% Artigos IEEE

@inproceedings{gorshe2014ieee, 
	author={Steven Gorshe and Arvind Raghavan and Thomas Starr and Stefano Galli}, 
	booktitle={Broadband Access: Wireline and Wireless -- Alternatives for Internet Services}, 
	title={Wi{F}i: {IEEE} 802.11 {W}ireless {LAN}}, 
	year={2014},
	pages={305--321},
	publisher={Wiley Telecom},
	url={https://ieeexplore.ieee.org/document/8044254},
	urlaccessdate={26 maio 2017}
}

@ARTICLE{SchwartzAbramson2009ieee, 
	author = {Mischa Schwartz and Norman Abramson},
	journal = {IEEE Communications Magazine},
	title = {The {A}lohanet -- surfing for wireless data [{H}istory of {C}ommunications]},
	year = {2009},
	volume = {47},
	number = {12},
	pages = {21--25},
	month = {Dec.},
	url = {http://ieeexplore.ieee.org/stamp/stamp.jsp?tp=&arnumber=5350363&isnumber=5350354},
	urlaccessdate={16 mar. 2019}
}

@INPROCEEDINGS{lott2001ieee, 
	author = {M. Lott and I. Forkel}, 
	booktitle = {IEEE VTS 53rd Vehicular Technology Conference, Spring 2001. Proceedings (Cat. No.01CH37202)}, 
	title = {A multi-wall-and-floor model for indoor radio propagation}, 
	year = {2001}, 
	volume = {1}, 
	pages = {464--468},
	address = {Rhodes, Grécia},
	publisher = {IEEE},
	url = {https://ieeexplore.ieee.org/document/944886},
	urlaccessdate = {08 abr. 2019}
}

@INPROCEEDINGS{kar2018ieee, 
	author={Kar, P. and Dappuri, B.},
	booktitle={2018 International Conference on Wireless Communications, Signal Processing and Networking (WiSPNET)}, 
	title={Site Survey and Radio Frequency Planning for the Deployment of Next Generation WLAN}, 
	year={2018},
	pages={1--4}, 
	month={March},
	publisher = {IEEE},
	url = {https://ieeexplore.ieee.org/document/8538731},
	urlaccessdate = {09 abr. 2019}
}

% Wi-Fi

@misc{alecrim2008site,
	author = {Emerson Alecrim},
	title = {O que é {W}i-{F}i ({IEEE} 802.11)?},
	year = {2008},
	url = {https://www.infowester.com/wifi.php},
	urlaccessdate = {11 mar. 2019}
}

@misc{plaza2018site,
	author = {Plaza, William R.}, 
	title = {Wi-Fi 6 (802.11ax)},
	subtitle = {tudo o que você precisa saber sobre a nova geração wireless},
	year = {2018},
	url = {https://www.hardware.com.br/artigos/wi-fi-6-802-11ax-tudo-o-que-voce-precisa-saber-sobre-a-nova-geracao-wireless/},
	urlaccessdate = {16 abr. 2019}
}

@article{wba2017,
  title = {WBA Industry Report 2017},
  author = {Gabriel, Caroline and Fellah, Adlane},
  journal = {Marvedis Rethink -- Wireless Broadband Alliance},
  year = {2017},
  url = {https://www.wballiance.com/wp-content/uploads/2017/12/WBA-Industry-Report-2017.pdf},
  urlaccessdata = {26 fev. 2019}
}

@article{brain2001,
	author = {Brain, Marshall and Wilson, Tracy V. and Johnson, Bernadette},
	title = {How WiFi Works},
	journal = {How Stuff Works},
	year = {2001},
	url = {https://computer.howstuffworks.com/wireless-network.htm},
	urlaccessdate = {16 maio 2019}
}

% Referências das imagens utillizadas no trabalho

@article{megasorber2019c,
	title = {Sound Absorption},
	journal = {Megasorber},
	year = {c2019},
	url = {https://www.megasorber.com/4fold-approach/sound-absorption.html},
	urlaccessdate = {05 abr. 2019}
}

@article{yatebts2015,
	title = {Radio Concepts},
	journal = {YateBTS},
	year = {2015},
	url = {https://wiki.yatebts.com/index.php/Radio_Concepts},
	urlaccessdate = {04 abr. 2019}
}

@article{teixeira2019c,
	author = {Teixeira, Mariane Mendes},
	title = {Reflexão e Refração da Luz},
	journal = {Alunos Online},
	year = {c2019},
	url = {https://alunosonline.uol.com.br/fisica/reflexao-e-refracao-da-luz.html},
	urlaccessdate = {05 abr. 2019}
}

@article{GoogleMaps,
	title = {Google Maps},
	journal = {Google},
	year = {c2019},
	url = {https://www.google.com.br/maps/place/IFCE+-+Campus+Tau%C3%A1/@-6.0021737,-40.3008247,487m/data=!3m1!1e3!4m5!3m4!1s0x7981f679a0ade71:0x7ffa54040f2677d!8m2!3d-6.0019416!4d-40.3002346},
	urlaccessdate = {15 maio 2019}
}

@article{Xirrus,
	title = {Wi-Fi Inspector},
	subtitle = {Wi-Fi Management For Mac OS And Windows},
	journal = {Riverbed},
	year = {c2019},
	url = {https://www.riverbed.com/products/xirrus/inspector.html},
	urlaccessdate = {28 mar. 2019}
}

@article{Ekahau2019,
	title = {Ekahau HeatMapper},
	journal = {Ekahau},
	year = {c2019},
	url = {https://www.ekahau.com/products/heatmapper/overview/},
	urlaccessdate = {20 maio 2019}
}

@article{Netspot2019,
	title = {Melhores ferramentas de heatmap (mapa de calor) WiFi},
	journal = {NetSpot},
	year = {c2019},
	url = {https://www.netspotapp.com/pt/best-wifi-heatmap-software.html},
	urlaccessdate = {28 mar. 2019}
}

@article{akkaya2019,
	title = {Wireless and Network Security},
	author = {Akkaya, Kemal},
	journal = {Slide Player},
	year = {c2019},
	url = {https://slideplayer.com/slide/5004053/},
	urlaccessdate = {06 maio 2019}
}

%======================== EXEMPLOS ===========================%

@article{costa1998,
	 author={V. R. Costa},
	 title={À Margem da lei: o Programa Comunidade Solidária},
	 journal={Em Pauta},
	 section={Revista da Faculdade de Serviço Social da UERJ},
	 address={Rio de Janeiro},
	 pages={131-148},
	 number={12},
	 volume={3},
	 pages={15-21},
	 issn={0034-723X},
	 url={http://www.brazilnet.com.br/contexts/brasilrevistas.htm},
	 urlaccessdate={28 nov. 2017},
	 year=1998
}

@article{lamport1986latex,
    title={LaTEX: User's Guide \& Reference Manual},
    author={Lamport, Leslie},
    year={1986},
    publisher={Addison-Wesley}
}

@article{quatroautores,
	title={Real-time prediction of hand trajectory 
	by ensembles of cortical neurons in primates},
	author={Wessberg, Johan and Stambaugh, Christopher R and 
	Kralik,Jerald D and 
	Beck, Pamela D and Laubach, Mark and 
	Chapin, John K and Kim, Jung and Biggs, S James and 
	Srinivasan, Mandayam A and Nicolelis, Miguel AL},
	journal={Nature},
	volume={408},
	number={6810},
	pages={361--365},
	year={2000},
	publisher={Nature Publishing Group}
}

@book{knuth,
	title={The texbook},
	author={Knuth, D.E. and Bibby, D. and Makai, I.},
	volume={1993},
	year={1986},
	publisher={Addison-Wesley}
}

@misc{lamport,
	title={Document Preparation System},
	author={Lamport, L. and LaTEX, A.},
	year={1994},
	publisher={Addison-Wesley}
}

@MASTERSTHESIS{Maia2011,
	author = {BORGES, J. A. M.},
	TITLE = {Estudo da drogadição gestacional e óbito neonatal},
	SCHOOL = {Universidade Estadual do Ceará, Fortaleza},
	YEAR = {2012},
	type = {Mestrado},
}

@article{mortalidade,
	title={Mortalidade neonatal: fatores de risco em um município no sul do Brasil},
	author={MARAM, E. and UCHIMURA, T. T.},
	journal={Rev. Eletr. Enf.},
	volume={10},
	number={1},
	pages={29-38},
	year={2008},
}

@inproceedings{Huetal2000,
	author = "J. Hu and H.R. Wu and A. Jennings and X. Wang",
	title = "Fast and robust equalization: A case study",
	booktitle = "Proceedings of the World Multiconference on Systemics, Cybernetics and Informatics, (SCI 2000), Florida, USA, 23-26 July 2000",
	publisher = "International Institute of Informatics and Systemics", 
	address = "FL, USA",
	pages = "398--403",
	year = "2000"
}

@book{tresautores,
	title={Resiliência: enfatizando a proteção dos 	adolescentes},
	author={ASSIS, S. G and  AVANCI, J. Q. and PESCE, R. P.},
	year={2005},
	address={Porto Alegre: Artmed},
}
